@article{Fortune2011,
  title = {Neutron widths and configuration mixing in $^{11}\mathrm{Be}$},
  author = {Fortune, H. T. and Sherr, R.},
  journal = {Phys. Rev. C},
  volume = {83},
  issue = {5},
  pages = {054314},
  numpages = {3},
  year = {2011},
  month = {May},
  publisher = {American Physical Society},
  doi = {10.1103/PhysRevC.83.054314},
  url = {https://link.aps.org/doi/10.1103/PhysRevC.83.054314}
}

@article{Yuan,
  title = {Shell-model study of boron, carbon, nitrogen, and oxygen isotopes with a monopole-based universal interaction},
  author = {Yuan, Cenxi and Suzuki, Toshio and Otsuka, Takaharu and Xu, Furong and Tsunoda, Naofumi},
  journal = {Phys. Rev. C},
  volume = {85},
  issue = {6},
  pages = {064324},
  numpages = {12},
  year = {2012},
  month = {Jun},
  publisher = {American Physical Society},
  doi = {10.1103/PhysRevC.85.064324},
  url = {http://link.aps.org/doi/10.1103/PhysRevC.85.064324}
}


@article{Fukuda,
  title = {Coulomb and nuclear breakup of a halo nucleus $^{11}\mathrm{Be}$},
  author = {Fukuda, N. and Nakamura, T. and Aoi, N. and Imai, N. and Ishihara, M. and Kobayashi, T. and Iwasaki, H. and Kubo, T. and Mengoni, A. and Notani, M. and Otsu, H. and Sakurai, H. and Shimoura, S. and Teranishi, T. and Watanabe, Y. X. and Yoneda, K.},
  journal = {Phys. Rev. C},
  volume = {70},
  issue = {5},
  pages = {054606},
  numpages = {12},
  year = {2004},
  month = {Nov},
  publisher = {American Physical Society},
  doi = {10.1103/PhysRevC.70.054606},
  url = {https://link.aps.org/doi/10.1103/PhysRevC.70.054606}
}

@article{Varner,
title = "A global nucleon optical model potential",
journal = "Physics Reports",
volume = "201",
number = "2",
pages = "57 - 119",
year = "1991",
issn = "0370-1573",
doi = "https://doi.org/10.1016/0370-1573(91)90039-O",
url = "http://www.sciencedirect.com/science/article/pii/037015739190039O",
author = "R.L. Varner and W.J. Thompson and T.L. McAbee and E.J. Ludwig and T.B. Clegg",
}

@article{Lohr,
title = "Elastic scattering of 9â€?3 MeV vector polarized deuterons",
journal = "Nuclear Physics A",
volume = "232",
number = "2",
pages = "381 - 397",
year = "1974",
issn = "0375-9474",
doi = "https://doi.org/10.1016/0375-9474(74)90627-7",
url = "http://www.sciencedirect.com/science/article/pii/0375947474906277",
author = "J.M. Lohr and W. Haeberli",
}


@Article{Schwinn1975,
author="Schwinn, U.
and Mairle, G.
and Wagner, G. J.
and R{\"a}mer, Ch.",
title="Proton pick-up from nuclei in the middle of the 1p shell",
journal="Zeitschrift f{\"u}r Physik A Atoms and Nuclei",
year="1975",
month="Sep",
day="01",
volume="275",
number="3",
pages="241--247",
abstract="The (d,3He) reaction has been used to excite proton hole states in8Li,9Be and10Be. Angular distributions have been measured and have been analyzed in terms of the DWBA to get spectroscopic factors for the considered transitions. Excitation energies and transition strengths are compared with the results of Cohen and Kurath's intermediate coupling shell model calculations, where the two models of the effective interaction produce different results especially for transitions to final states in mass 8 and 10 nuclei. The experimental results are clearly in favour of the (6--16) 2 BME interaction. A positive parity state in10Be predicted by the calculations has been looked for and found at 9.60 MeV.",
issn="0939-7922",
doi="10.1007/BF01409291",
url="https://doi.org/10.1007/BF01409291"
}

@article{Bedoor2016,
  title = {Structure of $^{14}\mathrm{C}$ and $^{14}\mathrm{B}$ from the $^{14,15}\mathrm{C}(d,^{3}\mathrm{He})^{13,14}\mathrm{B}$ reactions},
  author = {Bedoor, S. and Wuosmaa, A. H. and Albers, M. and Alcorta, M. and Almaraz-Calderon, Sergio and Back, B. B. and Bertone, P. F. and Deibel, C. M. and Hoffman, C. R. and Lighthall, J. C. and Marley, S. T. and Mcneel, D. G. and Pardo, R. C. and Rehm, K. E. and Schiffer, J. P. and Shetty, D. V.},
  journal = {Phys. Rev. C},
  volume = {93},
  issue = {4},
  pages = {044323},
  numpages = {11},
  year = {2016},
  month = {Apr},
  publisher = {American Physical Society},
  doi = {10.1103/PhysRevC.93.044323},
  url = {https://link.aps.org/doi/10.1103/PhysRevC.93.044323}
}


@article{HIRAYAMA2005,
title = "Study of 11Be structure through Î²-delayed decays from polarized 11Li",
journal = "Physics Letters B",
volume = "611",
number = "3",
pages = "239 - 247",
year = "2005",
issn = "0370-2693",
doi = "https://doi.org/10.1016/j.physletb.2005.02.040",
url = "http://www.sciencedirect.com/science/article/pii/S0370269305002716",
author = "Y. Hirayama and T. Shimoda and H. Izumi and A. Hatakeyama and K.P. Jackson and C.D.P. Levy and H. Miyatake and M. Yagi and H. Yano",
keywords = " assignment of Be, -delayed n and  spectroscopy, Polarized Li beam, TRIUMF ISAC",
}

@article{Liu1990,
  title = {$^{9}\mathrm{Be}$(t,p${)}^{11}$Be and the structure of $^{11}\mathrm{Be}$},
  author = {Liu, G.-B. and Fortune, H. T.},
  journal = {Phys. Rev. C},
  volume = {42},
  issue = {1},
  pages = {167--173},
  numpages = {0},
  year = {1990},
  month = {Jul},
  publisher = {American Physical Society},
  doi = {10.1103/PhysRevC.42.167},
  url = {https://link.aps.org/doi/10.1103/PhysRevC.42.167}
}

@article{AME,
  author={Huang, W. J. and G. Audi and  Meng Wang and F. G. Kondev and S. Naimi and Xing Xu},
  title={The Ame2016 atomic mass evaluation},
  journal={Chin. Phys. C},
  volume={41},
  pages={030002},
  year={2016},
}
	
@article{A21NDS,
title = "Nuclear Data Sheets for A = 21",
journal = "NDS",
volume = "127",
pages = "1 - 68",
year = "2015",
issn = "0090-3752",
doi = "https://doi.org/10.1016/j.nds.2015.07.001",
url = "http://www.sciencedirect.com/science/article/pii/S0090375215000241",
author = "R.B. Firestone"
}

@article{A22NDS,
title = "Nuclear Data Sheets for A = 22",
journal = "NDS",
volume = "127",
pages = "69 - 190",
year = "2015",
issn = "0090-3752",
doi = "https://doi.org/10.1016/j.nds.2015.07.002",
url = "http://www.sciencedirect.com/science/article/pii/S0090375215000253",
author = "M. Shamsuzzoha Basunia"
}

@article{A28NDS,
title = "Nuclear Data Sheets for A = 28",
journal = "Nuclear Data Sheets",
volume = "114",
number = "10",
pages = "1189 - 1291",
year = "2013",
issn = "0090-3752",
doi = "https://doi.org/10.1016/j.nds.2013.10.001",
url = "http://www.sciencedirect.com/science/article/pii/S0090375213000653",
author = "M. Shamsuzzoha Basunia"
}

@article{Oxygen,
author = {Brown, B. Alex},
title = {The oxygen isotopes},
journal = {Inter. Jour. Mod. Phys. E},
volume = {26},
number = {01n02},
pages = {1740003},
year = {2017},
doi = {10.1142/S0218301317400031},
URL = {https://www.worldscientific.com/doi/abs/10.1142/S0218301317400031},
}


@article{Stefan,
  title = {Probing nuclear forces beyond the drip-line using the mirror nuclei $^{16}\mathrm{N}$ and $^{16}\mathrm{F}$},
  author = {Stefan, I. and de Oliveira Santos, F. and Sorlin, O. and Davinson, T. and Lewitowicz, M. and Dumitru, G. and Ang\'elique, J. C. and Ang\'elique, M. and Berthoumieux, E. and Borcea, C. and Borcea, R. and Buta, A. and Daugas, J. M. and de Grancey, F. and Fadil, M. and Gr\'evy, S. and Kiener, J. and Lefebvre-Schuhl, A. and Lenhardt, M. and Mrazek, J. and Negoita, F. and Pantelica, D. and Pellegriti, M. G. and Perrot, L. and Ploszajczak, M. and Roig, O. and Saint Laurent, M. G. and Ray, I. and Stanoiu, M. and Stodel, C. and Tatischeff, V. and Thomas, J. C.},
  journal = {Phys. Rev. C},
  volume = {90},
  issue = {1},
  pages = {014307},
  numpages = {5},
  year = {2014},
  month = {Jul},
  publisher = {American Physical Society},
  doi = {10.1103/PhysRevC.90.014307},
  url = {https://link.aps.org/doi/10.1103/PhysRevC.90.014307}
}


@article{Lepailleur,
  title = {Spectroscopy of $^{28}\mathrm{Na}$: Shell evolution toward the drip line},
  author = {Lepailleur, A. and Wimmer, K. and Mutschler, A. and Sorlin, O. and Thomas, J. C. and Bader, V. and Bancroft, C. and Barofsky, D. and Bastin, B. and Baugher, T. and Bazin, D. and Bildstein, V. and Borcea, C. and Borcea, R. and Brown, B. A. and Caceres, L. and Gade, A. and Gaudefroy, L. and Gr\'evy, S. and Grinyer, G. F. and Iwasaki, H. and Khan, E. and Kr\"oll, T. and Langer, C. and Lemasson, A. and Llidoo, O. and Lloyd, J. and Lunderberg, E. and Negoita, F. and de Oliveira Santos, F. and Perdikakis, G. and Recchia, F. and Redpath, T. and Roger, T. and Rotaru, F. and Saenz, S. and Saint-Laurent, M.-G. and Smalley, D. and Sohler, D. and Stanoiu, M. and Stroberg, S. R. and Vandebrouck, M. and Weisshaar, D. and Westerberg, A.},
  journal = {Phys. Rev. C},
  volume = {92},
  issue = {5},
  pages = {054309},
  numpages = {13},
  year = {2015},
  month = {Nov},
  publisher = {American Physical Society},
  doi = {10.1103/PhysRevC.92.054309},
  url = {https://link.aps.org/doi/10.1103/PhysRevC.92.054309}
}

@article{Vandebrouck,
  title = {Effective proton-neutron interaction near the drip line from unbound states in $^{25,26}\mathrm{F}$},
  author = {Vandebrouck, M. and Lepailleur, A. and Sorlin, O. and Aumann, T. and Caesar, C. and Holl, M. and Panin, V. and Wamers, F. and Stroberg, S. R. and Holt, J. D. and de Oliveira Santos, F. and Alvarez-Pol, H. and Atar, L. and Avdeichikov, V. and Beceiro-Novo, S. and Bemmerer, D. and Benlliure, J. and Bertulani, C. A. and Bogner, S. K. and Boillos, J. M. and Boretzky, K. and Borge, M. J. G. and Caama\~no, M. and Casarejos, E. and Catford, W. and Cederk\"all, J. and Chartier, M. and Chulkov, L. and Cortina-Gil, D. and Cravo, E. and Crespo, R. and Datta Pramanik, U. and D\'{\i}az Fern\'andez, P. and Dillmann, I. and Elekes, Z. and Enders, J. and Ershova, O. and Estrad\'e, A. and Farinon, F. and Fraile, L. M. and Freer, M. and Galaviz, D. and Geissel, H. and Gernh\"auser, R. and Gibelin, J. and Golubev, P. and G\"obel, K. and Hagdahl, J. and Heftrich, T. and Heil, M. and Heine, M. and Heinz, A. and Henriques, A. and Hergert, H. and Hufnagel, A. and Ignatov, A. and Johansson, H. T. and Jonson, B. and Kahlbow, J. and Kalantar-Nayestanaki, N. and Kanungo, R. and Kelic-Heil, A. and Knyazev, A. and Kr\"oll, T. and Kurz, N. and Labiche, M. and Langer, C. and Le Bleis, T. and Lemmon, R. and Lindberg, S. and Machado, J. and Marganiec, J. and Marqu\'es, F. M. and Movsesyan, A. and Nacher, E. and Najafi, M. and Nikolskii, E. and Nilsson, T. and Nociforo, C. and Paschalis, S. and Perea, A. and Petri, M. and Pietri, S. and Plag, R. and Reifarth, R. and Ribeiro, G. and Rigollet, C. and R\"oder, M. and Rossi, D. and Savran, D. and Scheit, H. and Schwenk, A. and Simon, H. and Syndikus, I. and Taylor, J. T. and Tengblad, O. and Thies, R. and Togano, Y. and Velho, P. and Volkov, V. and Wagner, A. and Weick, H. and Wheldon, C. and Wilson, G. and Winfield, J. S. and Woods, P. and Yakorev, D. and Zhukov, M. and Zilges, A. and Zuber, K.},
  collaboration = {R3B collaboration},
  journal = {Phys. Rev. C},
  volume = {96},
  issue = {5},
  pages = {054305},
  numpages = {13},
  year = {2017},
  month = {Nov},
  publisher = {American Physical Society},
  doi = {10.1103/PhysRevC.96.054305},
  url = {https://link.aps.org/doi/10.1103/PhysRevC.96.054305}
}

@article{Pandya,
  title = {Nucleon-Hole Interaction in $\mathrm{jj}$ Coupling},
  author = {Pandya, Sudhir P.},
  journal = {Phys. Rev.},
  volume = {103},
  issue = {4},
  pages = {956--957},
  numpages = {0},
  year = {1956},
  month = {Aug},
  publisher = {American Physical Society},
  doi = {10.1103/PhysRev.103.956},
  url = {https://link.aps.org/doi/10.1103/PhysRev.103.956}
}

@article{Sakurai,
title = "Evidence for particle stability of 31F and particle instability of 25N and 28O",
journal = "Phys. Lett. B",
volume = "448",
number = "3",
pages = "180 - 184",
year = "1999",
issn = "0370-2693",
doi = "https://doi.org/10.1016/S0370-2693(99)00015-5",
url = "http://www.sciencedirect.com/science/article/pii/S0370269399000155",
author = "H. Sakurai and S.M. Lukyanov and M. Notani and N. Aoi and D. Beaumel and N. Fukuda and M. Hirai and E. Ideguchi and N. Imai and M. Ishihara and H. Iwasaki and T. Kubo and K. Kusaka and H. Kumagai and T. Nakamura and H. Ogawa and Yu.E. Penionzhkevich and T. Teranishi and Y.X. Watanabe and K. Yoneda and A. Yoshida"
}

@article{Fernandez,
  title = {Emergence of the $N=16$ shell gap in $^{21}\mathrm{O}$},
  author = {Fern\'andez-Dom\'{\i}nguez, B. and Thomas, J. S. and Catford, W. N. and Delaunay, F. and Brown, S. M. and Orr, N. A. and Rejmund, M. and Labiche, M. and Chartier, M. and Achouri, N. L. and Al Falou, H. and Ashwood, N. I. and Beaumel, D. and Blumenfeld, Y. and Brown, B. A. and Chapman, R. and Curtis, N. and Force, C. and de France, G. and Franchoo, S. and Guillot, J. and Haigh, P. and Hammache, F. and Lapoux, V. and Lemmon, R. C. and Mar\'echal, F. and Moro, A. M. and Mougeot, X. and Mouginot, B. and Nalpas, L. and Navin, A. and Patterson, N. and Pietras, B. and Pollacco, E. C. and Leprince, A. and Ramus, A. and Scarpaci, J. A. and de S\'er\'eville, N. and Stephan, I. and Sorlin, O. and Wilson, G. L.},
  journal = {Phys. Rev. C},
  volume = {84},
  issue = {1},
  pages = {011301},
  numpages = {5},
  year = {2011},
  month = {Jul},
  publisher = {American Physical Society},
  doi = {10.1103/PhysRevC.84.011301},
  url = {https://link.aps.org/doi/10.1103/PhysRevC.84.011301}
}

@article{Li,
  title = {Investigation of the ${({d}_{\frac{5}{2}})}^{2}$ and (${d}_{\frac{5}{2}}{s}_{\frac{1}{2}}$) two-particle configurations in $^{18}\mathrm{O}$ using the $^{17}\mathrm{O}(d,p)^{18}\mathrm{O}$ reaction at 18 MeV},
  author = {Li, T. K. and Dehnhard, D. and Brown, Ronald E. and Ellis, P. J.},
  journal = {Phys. Rev. C},
  volume = {13},
  issue = {1},
  pages = {55--67},
  numpages = {0},
  year = {1976},
  month = {Jan},
  publisher = {American Physical Society},
  doi = {10.1103/PhysRevC.13.55},
  url = {https://link.aps.org/doi/10.1103/PhysRevC.13.55}
}

@article{Polsky,
  title = {Nuclear Structure of ${\mathrm{F}}^{18}$},
  author = {Polsky, L. M. and Holbrow, C. H. and Middleton, R.},
  journal = {Phys. Rev.},
  volume = {186},
  issue = {4},
  pages = {966--977},
  numpages = {0},
  year = {1969},
  month = {Oct},
  publisher = {American Physical Society},
  doi = {10.1103/PhysRev.186.966},
  url = {https://link.aps.org/doi/10.1103/PhysRev.186.966}
}

@article{Schiffer,
  title = {The effective interaction between nucleons deduced from nuclear spectra},
  author = {Schiffer, John P. and True, William W.},
  journal = {Rev. Mod. Phys.},
  volume = {48},
  issue = {2},
  pages = {191--217},
  numpages = {0},
  year = {1976},
  month = {Apr},
  publisher = {American Physical Society},
  doi = {10.1103/RevModPhys.48.191},
  url = {https://link.aps.org/doi/10.1103/RevModPhys.48.191}
}

@article{Lee,
  title = {Electromagnetic transitions in neutron-rich $^{22}\mathrm{F}$},
  author = {Lee, Sangjin and Tabor, S. L. and Volya, A. and Aguilar, A. and Bender, P. C. and Hinners, T. A. and Hoffman, C. R. and Perry, M. and Tripathi, Vandana},
  journal = {Phys. Rev. C},
  volume = {76},
  issue = {3},
  pages = {034308},
  numpages = {8},
  year = {2007},
  month = {Sep},
  publisher = {American Physical Society},
  doi = {10.1103/PhysRevC.76.034308},
  url = {https://link.aps.org/doi/10.1103/PhysRevC.76.034308}
}

@article{Orr,
title = "Reaction studies of the neutron-rich nuclei 22, 23F",
journal = "Nucl. Phys. A",
volume = "491",
number = "3",
pages = "457 - 467",
year = "1989",
issn = "0375-9474",
doi = "https://doi.org/10.1016/0375-9474(89)90579-4",
url = "http://www.sciencedirect.com/science/article/pii/0375947489905794",
author = "N.A. Orr and L.K. Fifield and W.N. Catford and C.L. Woods",
keywords = "Nuclear reactions"
}

@article{Clarke,
  author={N M Clarke and P R Hayes and M B Becha and K I Pearce and R J Griffiths and J B A England and L Zybert and C N Pinder and G M
Field and R S Mackintosh},
  title={New measurements of the mass and energy levels of 22 F},
  journal={Jour. Phys. G: Nucl. Phys.},
  volume={14},
  number={11},
  pages={1399},
  url={http://stacks.iop.org/0305-4616/14/i=11/a=011},
  year={1988},
}

@article{Goldstein,
  title = {Related $\mathrm{jj}$-Coupling Configurations in ${\mathrm{K}}^{40}$ and ${\mathrm{Cl}}^{38}$},
  author = {Goldstein, S. and Talmi, I.},
  journal = {Phys. Rev.},
  volume = {102},
  issue = {2},
  pages = {589--590},
  numpages = {0},
  year = {1956},
  month = {Apr},
  publisher = {American Physical Society},
  doi = {10.1103/PhysRev.102.589},
  url = {https://link.aps.org/doi/10.1103/PhysRev.102.589}
}

@article{Brown,
  title = {New ``USD'' Hamiltonians for the $\mathit{sd}$ shell},
  author = {Brown, B. Alex and Richter, W. A.},
  journal = {Phys. Rev. C},
  volume = {74},
  issue = {3},
  pages = {034315},
  numpages = {11},
  year = {2006},
  month = {Sep},
  publisher = {American Physical Society},
  doi = {10.1103/PhysRevC.74.034315},
  url = {https://link.aps.org/doi/10.1103/PhysRevC.74.034315}
}

@article{Vaughn,
  title = {New Isotope of Fluorine: ${\mathrm{F}}^{22}$},
  author = {Vaughn, F. J. and Chalmers, R. A. and Chase, L. F. and Salisbury, S. R.},
  journal = {Phys. Rev. Lett.},
  volume = {15},
  issue = {13},
  pages = {555--556},
  numpages = {0},
  year = {1965},
  month = {Sep},
  publisher = {American Physical Society},
  doi = {10.1103/PhysRevLett.15.555},
  url = {https://link.aps.org/doi/10.1103/PhysRevLett.15.555}
}

@article{STOKES,
  title = {$^{18}\mathrm{N}$},
  author = {Stokes, R. H. and Young, P. G.},
  journal = {Phys. Rev.},
  volume = {178},
  issue = {4},
  pages = {1789--1794},
  numpages = {0},
  year = {1969},
  month = {Feb},
  publisher = {American Physical Society},
  doi = {10.1103/PhysRev.178.1789},
  url = {https://link.aps.org/doi/10.1103/PhysRev.178.1789}
}

@article{Weissman,
  author={L Weissman and A F Lisetskiy and O Arndt and U Bergmann and B A Brown and J Cederkall and I Dillmann and O Hallmann and L Fraile and S
Franchoo and L Gaudefroy and U KÃ¶ster and K-L Kratz and B Pfeiffer and O Sorlin},
  title={beta-decay of 22 O},
  journal={Jour Phys. G: Nucl. Part. Phys.},
  volume={31},
  number={7},
  pages={553},
  url={http://stacks.iop.org/0954-3899/31/i=7/a=002},
  year={2005},
  abstract={A mass-separated 12 C 22 O molecular ion beam from the ISOLDE facility was used to study the decay of neutron-rich 22 O. The experimental results were compared with the results from an earlier experiment and predictions by shell-model calculations using various effective interactions. The mechanism leading to the vanishing decay strength to the first 1 + level of the 22 F nucleus, predicted with the USD effective interaction but not supported by the experimental data, is analysed.}
}

@Article{Hubert,
author="Hubert, F.
and Dufour, J. P.
and Del Moral, R.
and Fleury, A.
and Jean, D.
and Pravikoff, M. S.
and Delagrange, H.
and Geissel, H.
and Schmidt, K. -H.
and Hanelt, E.",
title="Beta decay of22O",
journal="Zeitschrift f{\"u}r Physik A Atomic Nuclei",
year="1989",
month="Sep",
day="01",
volume="333",
number="3",
pages="237--246",
abstract="The beta-gamma spectroscopic study of22O is presented. This nucleus, produced as a projectile-like fragment from the interaction of a 60 MeV/n40Ar beam with a Be target, has been separated by the LISE spectrometer. Several gamma rays from22O decay have been observed, from which a half-life of (2.25{\textpm}0.15)s has been determined. Accurate excitation energies have been deduced for several states in22F. A partial beta decay scheme of22O has been established. Experimental results have been compared with shell model calculations.",
issn="0939-7922",
doi="10.1007/BF01294511",
url="https://doi.org/10.1007/BF01294511"
}


@article{Harss,
author = {B. Harss and R. C. Pardo and K. E. Rehm and F. Borasi and J. P. Greene and R. V. F. Janssens and C. L. Jiang and J. Nolen and M. Paul and J. P. Schiffer and R. E. Segel and J. Specht and T. F. Wang and P. Wilt and B. Zabransky},
title = {Production of radioactive ion beams using the in-flight technique},
journal = {Review of Scientific Instruments},
volume = {71},
number = {2},
pages = {380-387},
year = {2000},
doi = {10.1063/1.1150211},

URL = {
        https://doi.org/10.1063/1.1150211},
eprint = {
        https://doi.org/10.1063/1.1150211}

}

@article{WUOSMAA,
title = "A solenoidal spectrometer for reactions in inverse kinematics",
journal = "Nucl. Instr. Meth. Phys. Res. Sect. A",
volume = "580",
number = "3",
pages = "1290 - 1300",
year = "2007",
issn = "0168-9002",
doi = "https://doi.org/10.1016/j.nima.2007.07.029",
url = "http://www.sciencedirect.com/science/article/pii/S0168900207014490",
author = "A.H. Wuosmaa and J.P. Schiffer and B.B. Back and C.J. Lister and K.E. Rehm",
keywords = "Charged-particle spectrometers, Reactions induced by unstable nuclei"
}

@article{LIGHTHALL,
title = "Commissioning of the HELIOS spectrometer",
journal = "Nucl. Instr. Meth. Phys. Res. Sec. A",
volume = "622",
number = "1",
pages = "97 - 106",
year = "2010",
issn = "0168-9002",
doi = "https://doi.org/10.1016/j.nima.2010.06.220",
url = "http://www.sciencedirect.com/science/article/pii/S0168900210014105",
author = "J.C. Lighthall and B.B. Back and S.I. Baker and S.J. Freeman and H.Y. Lee and B.P. Kay and S.T. Marley and K.E. Rehm and J.E. Rohrer and J.P. Schiffer and D.V. Shetty and A.W. Vann and J.R. Winkelbauer and A.H. Wuosmaa",
keywords = "Spectrometer, Inverse kinematics, Transfer reactions, Solenoid"
}

@article{Hoffman,
  title = {Experimental study of the ${}^{19}$O($d$,$p$)${}^{20}$O reaction in inverse kinematics},
  author = {Hoffman, C. R. and Back, B. B. and Kay, B. P. and Schiffer, J. P. and Alcorta, M. and Baker, S. I. and Bedoor, S. and Bertone, P. F. and Clark, J. A. and Deibel, C. M. and DiGiovine, B. and Freeman, S. J. and Greene, J. P. and Lighthall, J. C. and Marley, S. T. and Pardo, R. C. and Rehm, K. E. and Rojas, A. and Santiago-Gonzalez, D. and Sharp, D. K. and Shetty, D. V. and Thomas, J. S. and Wiedenh\"over, I. and Wuosmaa, A. H.},
  journal = {Phys. Rev. C},
  volume = {85},
  issue = {5},
  pages = {054318},
  numpages = {10},
  year = {2012},
  month = {May},
  publisher = {American Physical Society},
  doi = {10.1103/PhysRevC.85.054318},
  url = {https://link.aps.org/doi/10.1103/PhysRevC.85.054318}
}

@article{Macfarlane,
author = {M. H. Macfarlane and S. C. Pieper},
booktitle = {Report ANL-76-11, Rev. 1, 1978 (unpublished)}
}

@article{An,
  title = {Global deuteron optical model potential for the energy range up to 183 MeV},
  author = {An, Haixia and Cai, Chonghai},
  journal = {Phys. Rev. C},
  volume = {73},
  issue = {5},
  pages = {054605},
  numpages = {9},
  year = {2006},
  month = {May},
  publisher = {American Physical Society},
  doi = {10.1103/PhysRevC.73.054605},
  url = {https://link.aps.org/doi/10.1103/PhysRevC.73.054605}
}

@article{KONING,
title = "Local and global nucleon optical models from 1 keV to 200 MeV",
journal = "Nucl. Phys. A",
volume = "713",
number = "3",
pages = "231 - 310",
year = "2003",
issn = "0375-9474",
doi = "https://doi.org/10.1016/S0375-9474(02)01321-0",
url = "http://www.sciencedirect.com/science/article/pii/S0375947402013210",
author = "A.J. Koning and J.P. Delaroche"
}

@article{Howard,
title = "Studies on 21Ne and 23Ne via the 20Ne(d, p)21Ne AND 22Ne(d, p)23Ne reactions",
journal = "Nucl. Phys. A",
volume = "152",
number = "2",
pages = "317 - 336",
year = "1970",
issn = "0375-9474",
doi = "https://doi.org/10.1016/0375-9474(70)90833-X",
url = "http://www.sciencedirect.com/science/article/pii/037594747090833X",
author = "A.J. Howard and J.O. Pronko and C.A. Whitten",
keywords = "Nuclear reactions"
}

@article{Macfarlane,
  title = {Stripping Reactions and the Structure of Light and Intermediate Nuclei},
  author = {Macfarlane, M. H. and French, J. B.},
  journal = {Rev. Mod. Phys.},
  volume = {32},
  issue = {3},
  pages = {567--691},
  numpages = {0},
  year = {1960},
  month = {Jul},
  publisher = {American Physical Society},
  doi = {10.1103/RevModPhys.32.567},
  url = {https://link.aps.org/doi/10.1103/RevModPhys.32.567}
}


@misc{Volya,
  author = {A. Volya},
  title = {CoSMo code},
  howpublished = {\url{http://www.volya.net}},
}


@article{BrownUSD,
author = { B A Brown,  and  and  B H Wildenthal },
title = {Status of the Nuclear Shell Model},
journal = {Annual Review of Nuclear and Particle Science},
volume = {38},
number = {1},
pages = {29-66},
year = {1988},
doi = {10.1146/annurev.ns.38.120188.000333},
URL = {https://doi.org/10.1146/annurev.ns.38.120188.000333},
eprint = { ttps://doi.org/10.1146/annurev.ns.38.120188.000333}
}

@article{Kanungo,
  title = {One-Neutron Removal Measurement Reveals $^{24}\mathbf{O}$ as a New Doubly Magic Nucleus},
  author = {Kanungo, R. and Nociforo, C. and Prochazka, A. and Aumann, T. and Boutin, D. and Cortina-Gil, D. and Davids, B. and Diakaki, M. and Farinon, F. and Geissel, H. and Gernh\"auser, R. and Gerl, J. and Janik, R. and Jonson, B. and Kindler, B. and Kn\"obel, R. and Kr\"ucken, R. and Lantz, M. and Lenske, H. and Litvinov, Y. and Lommel, B. and Mahata, K. and Maierbeck, P. and Musumarra, A. and Nilsson, T. and Otsuka, T. and Perro, C. and Scheidenberger, C. and Sitar, B. and Strmen, P. and Sun, B. and Szarka, I. and Tanihata, I. and Utsuno, Y. and Weick, H. and Winkler, M.},
  journal = {Phys. Rev. Lett.},
  volume = {102},
  issue = {15},
  pages = {152501},
  numpages = {4},
  year = {2009},
  month = {Apr},
  publisher = {American Physical Society},
  doi = {10.1103/PhysRevLett.102.152501},
  url = {https://link.aps.org/doi/10.1103/PhysRevLett.102.152501}


@article{Otsuka,
  title = {Three-Body Forces and the Limit of Oxygen Isotopes},
  author = {Otsuka, Takaharu and Suzuki, Toshio and Holt, Jason D. and Schwenk, Achim and Akaishi, Yoshinori},
  journal = {Phys. Rev. Lett.},
  volume = {105},
  issue = {3},
  pages = {032501},
  numpages = {4},
  year = {2010},
  month = {Jul},
  publisher = {American Physical Society},
  doi = {10.1103/PhysRevLett.105.032501},
  url = {https://link.aps.org/doi/10.1103/PhysRevLett.105.032501}
}

@article{Endt,
title = "Energy levels of A = 21-44 nuclei (V)",
journal = "Nucl. Phys. A",
volume = "214",
number = "Supplement C",
pages = "1 - 625",
year = "1973",
issn = "0375-9474",
doi = "https://doi.org/10.1016/0375-9474(73)91131-7",
url = "http://www.sciencedirect.com/science/article/pii/0375947473911317",
author = "P.M Endt and C van der Leun"
}

@article{Li1976,
  title = {Investigation of the ${({d}_{\frac{5}{2}})}^{2}$ and (${d}_{\frac{5}{2}}{s}_{\frac{1}{2}}$) two-particle configurations in $^{18}\mathrm{O}$ using the $^{17}\mathrm{O}(d,p)^{18}\mathrm{O}$ reaction at 18 MeV},
  author = {Li, T. K. and Dehnhard, D. and Brown, Ronald E. and Ellis, P. J.},
  journal = {Phys. Rev. C},
  volume = {13},
  issue = {1},
  pages = {55--67},
  numpages = {0},
  year = {1976},
  month = {Jan},
  publisher = {American Physical Society},
  doi = {10.1103/PhysRevC.13.55},
  url = {https://link.aps.org/doi/10.1103/PhysRevC.13.55}
}

@article{Wiringa,
  title = {Accurate nucleon-nucleon potential with charge-independence breaking},
  author = {Wiringa, R. B. and Stoks, V. G. J. and Schiavilla, R.},
  journal = {Phys. Rev. C},
  volume = {51},
  issue = {1},
  pages = {38--51},
  numpages = {0},
  year = {1995},
  month = {Jan},
  publisher = {American Physical Society},
  doi = {10.1103/PhysRevC.51.38},
  url = {https://link.aps.org/doi/10.1103/PhysRevC.51.38}
}


@article{WAGNER,
title = "Proton pick-up from the 1p and 2s-1d shells of 27Al",
journal = "Nucl. Phys. A",
volume = "125",
number = "1",
pages = "80 - 96",
year = "1969",
issn = "0375-9474",
doi = "https://doi.org/10.1016/0375-9474(69)90830-6",
url = "http://www.sciencedirect.com/science/article/pii/0375947469908306",
author = "G.J. Wagner and G. Mairle and U. Schmidt-Rohr and P. Turek",
keywords = "Nuclear Reactions"
}

@article{Stanoiu,
  title = {$N=14$},
  author = {Stanoiu, M. and Azaiez, F. and Dombr\'adi, Zs. and Sorlin, O. and Brown, B. A. and Belleguic, M. and Sohler, D. and Saint Laurent, M. G. and Lopez-Jimenez, M. J. and Penionzhkevich, Y. E. and Sletten, G. and Achouri, N. L. and Ang\'elique, J. C. and Becker, F. and Borcea, C. and Bourgeois, C. and Bracco, A. and Daugas, J. M. and Dlouh\'y, Z. and Donzaud, C. and Duprat, J. and F\"ul\"op, Zs. and Guillemaud-Mueller, D. and Gr\'evy, S. and Ibrahim, F. and Kerek, A. and Krasznahorkay, A. and Lewitowicz, M. and Leenhardt, S. and Lukyanov, S. and Mayet, P. and Mandal, S. and van der Marel, H. and Mittig, W. and Mr\'azek, J. and Negoita, F. and De Oliveira-Santos, F. and Podoly\'ak, Zs. and Pougheon, F. and Porquet, M. G. and Roussel-Chomaz, P. and Savajols, H. and Sobolev, Y. and Stodel, C. and Tim\'ar, J. and Yamamoto, A.},
  journal = {Phys. Rev. C},
  volume = {69},
  issue = {3},
  pages = {034312},
  numpages = {10},
  year = {2004},
  month = {Mar},
  publisher = {American Physical Society},
  doi = {10.1103/PhysRevC.69.034312},
  url = {https://link.aps.org/doi/10.1103/PhysRevC.69.034312}
}

@article{THIROLF,
title = "Spectroscopy of the 21+ state in 22O and shell structure near the neutron drip line",
journal = "Phys. Lett. B",
volume = "485",
number = "1",
pages = "16 - 22",
year = "2000",
issn = "0370-2693",
doi = "https://doi.org/10.1016/S0370-2693(00)00720-6",
url = "http://www.sciencedirect.com/science/article/pii/S0370269300007206",
author = "P.G Thirolf and B.V Pritychenko and B.A Brown and P.D Cottle and M Chromik and T Glasmacher and G Hackman and R.W Ibbotson and K.W Kemper and T Otsuka and L.A Riley and H Scheit"
}

@Article{Mairle,
author="Mairle, G.
and Pao, Liu Ken
and Wagner, G. J.
and Kn{\"o}pfle, K. T.
and Riedesel, H.",
title="A comparative spectroscopic investigation of21Ne and21F by pickup reactions",
journal="Zeitschrift f{\"u}r Physik A Atoms and Nuclei",
year="1981",
month="Jun",
day="01",
volume="301",
number="2",
pages="157--163",
issn="0939-7922",
doi="10.1007/BF01419246",
url="https://doi.org/10.1007/BF01419246"
}

@article{Daehnick,
  title = {Global optical model potential for elastic deuteron scattering from 12 to 90 MeV},
  author = {Daehnick, W. W. and Childs, J. D. and Vrcelj, Z.},
  journal = {Phys. Rev. C},
  volume = {21},
  issue = {6},
  pages = {2253--2274},
  numpages = {0},
  year = {1980},
  month = {Jun},
  publisher = {American Physical Society},
  doi = {10.1103/PhysRevC.21.2253},
  url = {https://link.aps.org/doi/10.1103/PhysRevC.21.2253}
}

@article{VARNER,
title = "A global nucleon optical model potential",
journal = "Phys. Rep.",
volume = "201",
number = "2",
pages = "57 - 119",
year = "1991",
issn = "0370-1573",
doi = "https://doi.org/10.1016/0370-1573(91)90039-O",
url = "http://www.sciencedirect.com/science/article/pii/037015739190039O",
author = "R.L. Varner and W.J. Thompson and T.L. McAbee and E.J. Ludwig and T.B. Clegg"
}

@article{Otsuka2001,
  title = {Magic Numbers in Exotic Nuclei and Spin-Isospin Properties of the $\mathit{NN}$ Interaction},
  author = {Otsuka, Takaharu and Fujimoto, Rintaro and Utsuno, Yutaka and Brown, B. Alex and Honma, Michio and Mizusaki, Takahiro},
  journal = {Phys. Rev. Lett.},
  volume = {87},
  issue = {8},
  pages = {082502},
  numpages = {4},
  year = {2001},
  month = {Aug},
  publisher = {American Physical Society},
  doi = {10.1103/PhysRevLett.87.082502},
  url = {https://link.aps.org/doi/10.1103/PhysRevLett.87.082502}
}

@Inbook{Sukhoruchkin2009,
author="Sukhoruchkin, S.I.
and Soroko, Z.N.",
editor="Schopper, H.",
title="Atomic Mass and Nuclear Binding Energy for Ni-70 (Nickel)",
bookTitle="Nuclei with Z = 1 - 54",
year="2009",
publisher="Springer Berlin Heidelberg",
address="Berlin, Heidelberg",
pages="2626--2628",
isbn="978-3-540-69945-3",
doi="10.1007/978-3-540-69945-3_1184",
url="https://doi.org/10.1007/978-3-540-69945-3_1184"
}

@article{HANSEN,
title = "Spectroscopy of 42Ca from 41Ca(d, p)",
journal = "Nucl. Phys. A",
volume = "243",
number = "1",
pages = "100 - 124",
year = "1975",
issn = "0375-9474",
doi = "https://doi.org/10.1016/0375-9474(75)90023-8",
url = "http://www.sciencedirect.com/science/article/pii/0375947475900238",
author = "Ole Hansen and J.R. Lien and O. Nathan and A. Sperduto and P.O. Tj$\phi$m",
keywords = "Nuclear reactions"
}

@article{Ohnuma,
  title = {Level Structure of ${\mathrm{Sc}}^{48}$ from the ${\mathrm{Ca}}^{48}({\mathrm{He}}^{3}, t)$ Reaction},
  author = {Ohnuma, H. and Erskine, J. R. and Schiffer, J. P. and Nolen, J. A. and Williams, Norman},
  journal = {Phys. Rev. C},
  volume = {1},
  issue = {2},
  pages = {496--501},
  numpages = {0},
  year = {1970},
  month = {Feb},
  publisher = {American Physical Society},
  doi = {10.1103/PhysRevC.1.496},
  url = {https://link.aps.org/doi/10.1103/PhysRevC.1.496}
}

@article{Bearse,
  title = {Observation of the ${({g}_{\frac{9}{2}})}^{2}$ Multiplet in ${\mathrm{Nb}}^{90}$ via the (${\mathrm{He}}^{3}$, $t$) Reaction},
  author = {Bearse, R. C. and Comfort, J. R. and Schiffer, J. P. and Stautberg, M. M. and Stoltzfus, J. C.},
  journal = {Phys. Rev. Lett.},
  volume = {23},
  issue = {15},
  pages = {864--866},
  numpages = {0},
  year = {1969},
  month = {Oct},
  publisher = {American Physical Society},
  doi = {10.1103/PhysRevLett.23.864},
  url = {https://link.aps.org/doi/10.1103/PhysRevLett.23.864}
}

@article{Han,
  title = {Deuteron global optical model potential for energies up to 200 MeV},
  author = {Han, Yinlu and Shi, Yuyang and Shen, Qingbiao},
  journal = {Phys. Rev. C},
  volume = {74},
  issue = {4},
  pages = {044615},
  numpages = {11},
  year = {2006},
  month = {Oct},
  publisher = {American Physical Society},
  doi = {10.1103/PhysRevC.74.044615},
  url = {https://link.aps.org/doi/10.1103/PhysRevC.74.044615}
}

@Inbook{Casten,
author="Casten. R. F. ",
editor="Hodgson, P. E. ",
title="Nuclear Structure From A Simple Perspective",
year="1990",
publisher="Oxford University Press",
address="Great Clarendon Street, Oxford OX2 6DP",
pages="99--165",
isbn="0-19-850724-0"
}

@article{Kay,
  title = {Quenching of Cross Sections in Nucleon Transfer Reactions},
  author = {Kay, B. P. and Schiffer, J. P. and Freeman, S. J.},
  journal = {Phys. Rev. Lett.},
  volume = {111},
  issue = {4},
  pages = {042502},
  numpages = {5},
  year = {2013},
  month = {Jul},
  publisher = {American Physical Society},
  doi = {10.1103/PhysRevLett.111.042502},
  url = {https://link.aps.org/doi/10.1103/PhysRevLett.111.042502}
}

@article{Elekes,
  title = {Spectroscopic Study of Neutron Shell Closures via Nucleon Transfer in the Near-Dripline Nucleus $^{23}\mathrm{O}$},
  author = {Elekes, Z. and Dombr\'adi, Zs. and Aoi, N. and Bishop, S. and F\"ul\"op, Zs. and Gibelin, J. and Gomi, T. and Hashimoto, Y. and Imai, N. and Iwasa, N. and Iwasaki, H. and Kalinka, G. and Kondo, Y. and Korsheninnikov, A. A. and Kurita, K. and Kurokawa, M. and Matsui, N. and Motobayashi, T. and Nakamura, T. and Nakao, T. and Nikolskii, E. Yu. and Ohnishi, T. K. and Okumura, T. and Ota, S. and Perera, A. and Saito, A. and Sakurai, H. and Satou, Y. and Sohler, D. and Sumikama, T. and Suzuki, D. and Suzuki, M. and Takeda, H. and Takeuchi, S. and Togano, Y. and Yanagisawa, Y.},
  journal = {Phys. Rev. Lett.},
  volume = {98},
  issue = {10},
  pages = {102502},
  numpages = {4},
  year = {2007},
  month = {Mar},
  publisher = {American Physical Society},
  doi = {10.1103/PhysRevLett.98.102502},
  url = {https://link.aps.org/doi/10.1103/PhysRevLett.98.102502}
}

@article{Hoffman25O,
  title = {Determination of the $N=16$ Shell Closure at the Oxygen Drip Line},
  author = {Hoffman, C. R. and Baumann, T. and Bazin, D. and Brown, J. and Christian, G. and DeYoung, P. A. and Finck, J. E. and Frank, N. and Hinnefeld, J. and Howes, R. and Mears, P. and Mosby, E. and Mosby, S. and Reith, J. and Rizzo, B. and Rogers, W. F. and Peaslee, G. and Peters, W. A. and Schiller, A. and Scott, M. J. and Tabor, S. L. and Thoennessen, M. and Voss, P. J. and Williams, T.},
  journal = {Phys. Rev. Lett.},
  volume = {100},
  issue = {15},
  pages = {152502},
  numpages = {5},
  year = {2008},
  month = {Apr},
  publisher = {American Physical Society},
  doi = {10.1103/PhysRevLett.100.152502},
  url = {https://link.aps.org/doi/10.1103/PhysRevLett.100.152502}
}

@article{Stanoiu2008,
  title = {Disappearance of the $N=14$ shell gap in the carbon isotopic chain},
  author = {Stanoiu, M. and Sohler, D. and Sorlin, O. and Azaiez, F. and Dombr\'adi, Zs. and Brown, B. A. and Belleguic, M. and Borcea, C. and Bourgeois, C. and Dlouhy, Z. and Elekes, Z. and F\"ul\"op, Zs. and Gr\'evy, S. and Guillemaud-Mueller, D. and Ibrahim, F. and Kerek, A. and Krasznahorkay, A. and Lewitowicz, M. and Lukyanov, S. M. and Mandal, S. and Mr\'azek, J. and Negoita, F. and Penionzhkevich, Yu.-E. and Podoly\'ak, Zs. and Roussel-Chomaz, P. and Saint-Laurent, M. G. and Savajols, H. and Sletten, G. and Tim\'ar, J. and Timis, C. and Yamamoto, A.},
  journal = {Phys. Rev. C},
  volume = {78},
  issue = {3},
  pages = {034315},
  numpages = {4},
  year = {2008},
  month = {Sep},
  publisher = {American Physical Society},
  doi = {10.1103/PhysRevC.78.034315},
  url = {https://link.aps.org/doi/10.1103/PhysRevC.78.034315}
}

@article{Strongman,
  title = {Disappearance of the $N=14$ shell},
  author = {Strongman, M. J. and Spyrou, A. and Hoffman, C. R. and Baumann, T. and Bazin, D. and Brown, J. and DeYoung, P. A. and Finck, J. E. and Frank, N. and Mosby, S. and Rogers, W. F. and Peaslee, G. F. and Peters, W. A. and Schiller, A. and Tabor, S. L. and Thoennessen, M.},
  journal = {Phys. Rev. C},
  volume = {80},
  issue = {2},
  pages = {021302},
  numpages = {4},
  year = {2009},
  month = {Aug},
  publisher = {American Physical Society},
  doi = {10.1103/PhysRevC.80.021302},
  url = {https://link.aps.org/doi/10.1103/PhysRevC.80.021302}
}

@article{Sorlin,
title = "Nuclear magic numbers: New features far from stability",
journal = "Prog. Part. Nucl. Phys.",
volume = "61",
number = "2",
pages = "602 - 673",
year = "2008",
issn = "0146-6410",
doi = "https://doi.org/10.1016/j.ppnp.2008.05.001",
url = "http://www.sciencedirect.com/science/article/pii/S0146641008000380",
author = "O. Sorlin and M.-G. Porquet",
keywords = "Nuclear structure, Magic numbers, Shell closures, Exotic nuclei, Single-particle states, Nuclear spectroscopy"
}

@article{Lutz,
title = "Study of the 22Ne(d, d)22Ne, 22Ne(d, p)23Ne, 22Ne(d, t)21Ne and 22Ne(p, d)21Ne reactions",
journal = "Nucl. Phys. A",
volume = "95",
number = "3",
pages = "591 - 607",
year = "1967",
issn = "0375-9474",
doi = "https://doi.org/10.1016/0375-9474(67)90852-4",
url = "http://www.sciencedirect.com/science/article/pii/0375947467908524",
author = "H.F. Lutz and J.J. Wesolowski and L.F. Hansen and S.F. Eccles",
keywords = "Nuclear reactions"
}

@article{Moinester,
  title = {Multipole Analysis of Particle-Particle or Particle-Hole Multiplets},
  author = {Moinester, M. and Schiffer, J. P. and Alford, W. P.},
  journal = {Phys. Rev.},
  volume = {179},
  issue = {4},
  pages = {984--995},
  numpages = {0},
  year = {1969},
  month = {Mar},
  publisher = {American Physical Society},
  doi = {10.1103/PhysRev.179.984},
  url = {https://link.aps.org/doi/10.1103/PhysRev.179.984}
}

@Inbook{French,
author="J.B. French",
editor={Hosssin, A. and -Ar-Rashid, H., and Islam, M.},
bookTitle="Nuclear Structure ",
year="1967",
publisher="Wiley-Interscience, New-York",
}

@article{Steppenbeck,
title = "Cross-shell excitations in 30Al and 30Si at high spin",
journal = "Nucl. Phys. A",
volume = "847",
number = "3",
pages = "149 - 167",
year = "2010",
issn = "0375-9474",
doi = "https://doi.org/10.1016/j.nuclphysa.2010.07.010",
url = "http://www.sciencedirect.com/science/article/pii/S037594741000624X",
author = "D. Steppenbeck and A.N. Deacon and S.J. Freeman and R.V.F. Janssens and M.P. Carpenter and C.R. Hoffman and B.P. Kay and T. Lauritsen and C.J. Lister and D. O'Donnell and J. Ollier and D. Seweryniak and J.F. Smith and K.-M. Spohr and S.L. Tabor and V. Tripathi and P.T. Wady and S. Zhu",
keywords = ", measured, Al, Si, deduced, Comparison with shell-model calculations"
}

@article{BASUNIA2015,
title = "Nuclear Data Sheets for A = 22",
journal = "Nuclear Data Sheets",
volume = "127",
pages = "69 - 190",
year = "2015",
issn = "0090-3752",
doi = "https://doi.org/10.1016/j.nds.2015.07.002",
url = "http://www.sciencedirect.com/science/article/pii/S0090375215000253",
author = "M. Shamsuzzoha Basunia"
}

@article{Hoffman2016,
  title = {Ordering of the $0{d}_{5/2}$ and $1{s}_{1/2}$ proton levels in light nuclei},
  author = {Hoffman, C. R. and Kay, B. P. and Schiffer, J. P.},
  journal = {Phys. Rev. C},
  volume = {94},
  issue = {2},
  pages = {024330},
  numpages = {8},
  year = {2016},
  month = {Aug},
  publisher = {American Physical Society},
  doi = {10.1103/PhysRevC.94.024330},
  url = {https://link.aps.org/doi/10.1103/PhysRevC.94.024330}
}

@article{TILLEY1995,
title = "Energy levels of light nuclei A = 18,19",
journal = "Nucl. Phys. A",
volume = "595",
number = "1",
pages = "1 - 170",
year = "1995",
issn = "0375-9474",
doi = "https://doi.org/10.1016/0375-9474(95)00338-1",
url = "http://www.sciencedirect.com/science/article/pii/0375947495003381",
author = "D.R. Tilley and H.R. Weller and C.M. Cheves and R.M. Chasteler"
}

@article{TILLEY1998,
title = "Energy levels of light nuclei, A = 20",
journal = "Nucl. Phys. A",
volume = "636",
number = "3",
pages = "249 - 364",
year = "1998",
issn = "0375-9474",
doi = "https://doi.org/10.1016/S0375-9474(98)00129-8",
url = "http://www.sciencedirect.com/science/article/pii/S0375947498001298",
author = "D.R. Tilley and C.M. Cheves and J.H. Kelley and S. Raman and H.R. Weller",
keywords = "Compilation N,O,F,Ne,Na,Mg, compiled,evaluated nuclear data"
}

@article{FIRESTONE2007,
title = "Nuclear Data Sheets for A = 24",
journal = "Nuclear Data Sheets",
volume = "108",
number = "11",
pages = "2319 - 2392",
year = "2007",
issn = "0090-3752",
doi = "https://doi.org/10.1016/j.nds.2007.10.001",
url = "http://www.sciencedirect.com/science/article/pii/S0090375207000877",
author = "R.B. Firestone"
}

@article{HOFFMAN2009,
title = "Evidence for a doubly magic 24O",
journal = "Phys. Lett. B",
volume = "672",
number = "1",
pages = "17 - 21",
year = "2009",
issn = "0370-2693",
doi = "https://doi.org/10.1016/j.physletb.2008.12.066",
url = "http://www.sciencedirect.com/science/article/pii/S0370269309000069",
author = "C.R. Hoffman and T. Baumann and D. Bazin and J. Brown and G. Christian and D.H. Denby and P.A. DeYoung and J.E. Finck and N. Frank and J. Hinnefeld and S. Mosby and W.A. Peters and W.F. Rogers and A. Schiller and A. Spyrou and M.J. Scott and S.L. Tabor and M. Thoennessen and P. Voss",
keywords = "Neutron spectroscopy, Exotic nuclei, Magic numbers, Shell gap"
}

@misc{nndc,
  title = {National Nuclear Data Center},
  howpublished = {\url{http://http://www.nndc.bnl.gov/}},
}

@article{CHEN2018,
title = "A new measurement of the intruder configuration in 12Be",
journal = "Phys. Lett. B",
volume = "781",
pages = "412 - 416",
year = "2018",
issn = "0370-2693",
doi = "https://doi.org/10.1016/j.physletb.2018.04.016",
url = "http://www.sciencedirect.com/science/article/pii/S0370269318303009",
author = "J. Chen and J.L. Lou and Y.L. Ye and Z.H. Li and D.Y. Pang and C.X. Yuan and Y.C. Ge and Q.T. Li and H. Hua and D.X. Jiang and X.F. Yang and F.R. Xu and J.C. Pei and J. Li and W. Jiang and Y.L. Sun and H.L. Zang and Y. Zhang and N. Aoi and E. Ideguchi and H.J. Ong and J. Lee and J. Wu and H.N. Liu and C. Wen and Y. Ayyad and K. Hatanaka and D.T. Tran and T. Yamamoto and M. Tanaka and T. Suzuki",
keywords = "Transfer reaction, Be, Intruder configuration"
}

@article{CHEN2016,
  title = {Elastic scattering and breakup of $^{11}\mathrm{Be}$ on deuterons at $26.9A$ MeV},
  author = {Chen, J. and Lou, J. L. and Ye, Y. L. and Rangel, J. and Moro, A. M. and Pang, D. Y. and Li, Z. H. and Ge, Y. C. and Li, Q. T. and Li, J. and Jiang, W. and Sun, Y. L. and Zang, H. L. and Zhang, Y. and Aoi, N. and Ideguchi, E. and Ong, H. J. and Lee, J. and Wu, J. and Liu, H. N. and Wen, C. and Ayyad, Y. and Hatanaka, K. and Tran, T. D. and Yamamoto, T. and Tanaka, M. and Suzuki, T. and Nguyen, T. T.},
  journal = {Phys. Rev. C},
  volume = {94},
  issue = {6},
  pages = {064620},
  numpages = {8},
  year = {2016},
  month = {Dec},
  publisher = {American Physical Society},
  doi = {10.1103/PhysRevC.94.064620},
  url = {https://link.aps.org/doi/10.1103/PhysRevC.94.064620}
}

@article{CHEN2016Mar,
  title = {Elastic scattering and breakup of $^{11}\mathrm{Be}$ on protons at $26.9A$ MeV},
  author = {Chen, J. and Lou, J. L. and Ye, Y. L. and Li, Z. H. and Ge, Y. C. and Li, Q. T. and Li, J. and Jiang, W. and Sun, Y. L. and Zang, H. L. and Aoi, N. and Ideguchi, E. and Ong, H. J. and Ayyad, Y. and Hatanaka, K. and Tran, D. T. and Yamamoto, T. and Tanaka, M. and Suzuki, T. and Tho, N. T. and Rangel, J. and Moro, A. M. and Pang, D. Y. and Lee, J. and Wu, J. and Liu, H. N. and Wen, C.},
  journal = {Phys. Rev. C},
  volume = {93},
  issue = {3},
  pages = {034623},
  numpages = {7},
  year = {2016},
  month = {Mar},
  publisher = {American Physical Society},
  doi = {10.1103/PhysRevC.93.034623},
  url = {https://link.aps.org/doi/10.1103/PhysRevC.93.034623}
}

@Inbook{Catford2014,
author="Catford, Wilton N.",
editor="Scheidenberger, Christoph
and Pf{\"u}tzner, Marek",
title="What Can We Learn from Transfer, and How Is Best to Do It?",
bookTitle="The Euroschool on Exotic Beams, Vol. IV",
year="2014",
publisher="Springer Berlin Heidelberg",
address="Berlin, Heidelberg",
pages="67--122",
isbn="978-3-642-45141-6",
doi="10.1007/978-3-642-45141-6_3",
url="https://doi.org/10.1007/978-3-642-45141-6_3"
}

@article{Schiller,
  title = {Selective Population and Neutron Decay of an Excited State of $^{23}\mathrm{O}$},
  author = {Schiller, A. and Frank, N. and Baumann, T. and Bazin, D. and Brown, B. A. and Brown, J. and DeYoung, P. A. and Finck, J. E. and Gade, A. and Hinnefeld, J. and Howes, R. and Lecouey, J.-L. and Luther, B. and Peters, W. A. and Scheit, H. and Thoennessen, M. and Tostevin, J. A.},
  journal = {Phys. Rev. Lett.},
  volume = {99},
  issue = {11},
  pages = {112501},
  numpages = {4},
  year = {2007},
  month = {Sep},
  publisher = {American Physical Society},
  doi = {10.1103/PhysRevLett.99.112501},
  url = {https://link.aps.org/doi/10.1103/PhysRevLett.99.112501}
}

@article{Santiago-Gonzalez,
  title = {Probing the Single-Particle Character of Rotational States in $^{19}\mathrm{F}$ Using a Short-Lived Isomeric Beam},
  author = {Santiago-Gonzalez, D. and Auranen, K. and Avila, M. L. and Ayangeakaa, A. D. and Back, B. B. and Bottoni, S. and Carpenter, M. P. and Chen, J. and Deibel, C. M. and Hood, A. A. and Hoffman, C. R. and Janssens, R. V. F. and Jiang, C. L. and Kay, B. P. and Kuvin, S. A. and Lauer, A. and Schiffer, J. P. and Sethi, J. and Talwar, R. and Wiedenh\"over, I. and Winkelbauer, J. and Zhu, S.},
  journal = {Phys. Rev. Lett.},
  volume = {120},
  issue = {12},
  pages = {122503},
  numpages = {5},
  year = {2018},
  month = {Mar},
  publisher = {American Physical Society},
  doi = {10.1103/PhysRevLett.120.122503},
  url = {https://link.aps.org/doi/10.1103/PhysRevLett.120.122503}
}

@article{Warburton,
  title = {Effective interactions for the 0p1s0d nuclear shell-model space},
  author = {Warburton, E. K. and Brown, B. A.},
  journal = {Phys. Rev. C},
  volume = {46},
  issue = {3},
  pages = {923--944},
  numpages = {0},
  year = {1992},
  month = {Sep},
  publisher = {American Physical Society},
  doi = {10.1103/PhysRevC.46.923},
  url = {https://link.aps.org/doi/10.1103/PhysRevC.46.923}
}

@article{Wildenthal,
author = { B A Brown,  and  B H Wildenthal },
title = {Status of the Nuclear Shell Model},
journal = {Ann. Rev. Nuc. Part. Sci.},
volume = {38},
number = {1},
pages = {29-66},
year = {1988},
doi = {10.1146/annurev.ns.38.120188.000333},

URL = {
        https://doi.org/10.1146/annurev.ns.38.120188.000333

},

}

	
@article{Kurath,
  title = {Effect of Finite Range Interactions in the ($\mathrm{jj}$) Coupling Shell Model},
  author = {Kurath, Dieter},
  journal = {Phys. Rev.},
  volume = {80},
  issue = {1},
  pages = {98--99},
  numpages = {0},
  year = {1950},
  month = {Oct},
  publisher = {American Physical Society},
  doi = {10.1103/PhysRev.80.98},
  url = {https://link.aps.org/doi/10.1103/PhysRev.80.98}
}

@article{Kurath1952,
  title = {Decay Scheme of $_{21}\mathrm{Sc}^{48}$},
  author = {Kurath, Dieter},
  journal = {Phys. Rev.},
  volume = {87},
  issue = {3},
  pages = {528--528},
  numpages = {0},
  year = {1952},
  month = {Aug},
  publisher = {American Physical Society},
  doi = {10.1103/PhysRev.87.528},
  url = {https://link.aps.org/doi/10.1103/PhysRev.87.528}
}


@book{Mayer,
  title={Elementary Theory of Nuclear Shell Structure},
  author={Mayer, M.G. and Jensen, J.H.D.},
  lccn={lc55007037},
  series={Structure of matter series},
  url={https://books.google.com/books?id=9g9RAAAAMAAJ},
  year={1955},
  publisher={John Wiley \& Sons}
}

@article{Mayer1950,
  title = {Nuclear Configurations in the Spin-Orbit Coupling Model. II. Theoretical Considerations},
  author = {Mayer, Maria Goeppert},
  journal = {Phys. Rev.},
  volume = {78},
  issue = {1},
  pages = {22--23},
  numpages = {0},
  year = {1950},
  month = {Apr},
  publisher = {American Physical Society},
  doi = {10.1103/PhysRev.78.22},
  url = {https://link.aps.org/doi/10.1103/PhysRev.78.22}
}

@article{Talmi,
  title = {On the Spin of the Nuclear Ground State in the $\mathrm{jj}$-Coupling Scheme},
  author = {Talmi, Igal},
  journal = {Phys. Rev.},
  volume = {82},
  issue = {1},
  pages = {101--102},
  numpages = {0},
  year = {1951},
  month = {Apr},
  publisher = {American Physical Society},
  doi = {10.1103/PhysRev.82.101},
  url = {https://link.aps.org/doi/10.1103/PhysRev.82.101}
}

@ARTICLE{Tanihata,
   author       = "I. Tanihata, T. Kobayashi, O. Yamakawa",
   journal      = "Phys. Lett. B",
   year         = "1988",
   title        = "Measurement of interaction cross sections using isotope
beams of Be and B and isospin dependency of the nuclear radii.",
   volume       = "206",
   page       = "592-596",
}

@ARTICLE{Schmitt,
  title = {Halo Nucleus $^{11}\mathrm{Be}$: A Spectroscopic Study via Neutron Transfer},
  author = {Schmitt, K. T. and Jones, K. L. and Bey, A. and Ahn, S. H. and Bardayan, D. W. and Blackmon, J. C. and Brown, S. M. and Chae, K. Y. and Chipps, K. A. and Cizewski, J. A. and Hahn, K. I. and Kolata, J. J. and Kozub, R. L. and Liang, J. F. and Matei, C. and Mato\ifmmode \check{s}\else \v{s}\fi{}, M. and Matyas, D. and Moazen, B. and Nesaraja, C. and Nunes, F. M. and O'Malley, P. D. and Pain, S. D. and Peters, W. A. and Pittman, S. T. and Roberts, A. and Shapira, D. and Shriner, J. F. and Smith, M. S. and Spassova, I. and Stracener, D. W. and Villano, A. N. and Wilson, G. L.},
  journal = {Phys. Rev. Lett.},
  volume = {108},
  issue = {19},
  pages = {192701},
  numpages = {5},
  year = {2012},
  month = {May},
  publisher = {American Physical Society},
  doi = {10.1103/PhysRevLett.108.192701},
  url = {http://link.aps.org/doi/10.1103/PhysRevLett.108.192701}
}

@ARTICLE{Talmi,
  title = {Order of Levels in the Shell Model and Spin of ${\mathrm{Be}}^{11}$},
  author = {Talmi, I. and Unna, I.},
  journal = {Phys. Rev. Lett.},
  volume = {4},
  issue = {9},
  pages = {469--470},
  numpages = {0},
  year = {1960},
  month = {May},
  publisher = {American Physical Society},
  doi = {10.1103/PhysRevLett.4.469},
  url = {http://link.aps.org/doi/10.1103/PhysRevLett.4.469}
}

@article{Alburger,
  title = {Parity of ${\mathrm{Be}}^{11}$},
  author = {Alburger, D. E. and Chasman, C. and Jones, K. W. and Olness, J. W. and Ristinen, R. A.},
  journal = {Phys. Rev.},
  volume = {136},
  issue = {4B},
  pages = {B916--B919},
  numpages = {0},
  year = {1964},
  month = {Nov},
  publisher = {American Physical Society},
  doi = {10.1103/PhysRev.136.B916},
  url = {http://link.aps.org/doi/10.1103/PhysRev.136.B916}
}

@article{Hoffman2014,
  title = {Neutron $s$ states in loosely bound nuclei},
  author = {Hoffman, C. R. and Kay, B. P. and Schiffer, J. P.},
  journal = {Phys. Rev. C},
  volume = {89},
  issue = {6},
  pages = {061305},
  numpages = {5},
  year = {2014},
  month = {Jun},
  publisher = {American Physical Society},
  doi = {10.1103/PhysRevC.89.061305},
  url = {https://link.aps.org/doi/10.1103/PhysRevC.89.061305}
}

@article{MORRISSEY1997,
title = "Single neutron emission following 11Li Î²-decay",
journal = "Nuclear Physics A",
volume = "627",
number = "2",
pages = "222 - 238",
year = "1997",
issn = "0375-9474",
doi = "https://doi.org/10.1016/S0375-9474(97)00410-7",
url = "http://www.sciencedirect.com/science/article/pii/S0375947497004107",
author = "D.J. Morrissey and K.N. McDonald and D. Bazin and B.A. Brown and R. Harkewicz and N.A. Orr and B.M. Sherrill and G.A. Souliotis and M. Steiner and J.A. Winger and S.J. Yennello and B.M. Young and S. Lukyanov and G. Chubarian and Yu.Ts. Oganessian",
abstract = "The spectrum of neutrons emitted after the Î²-decay of 11Li has been measured with a large time-of-flight array. The spectrum exhibits six peaks corresponding to neutron emission from known states in the 11Be daughter nucleus. The measured branching ratios indicate significant feeding to states over a broad energy range. The energies and parities of the states are in very good agreement with the previous results of the 9Be(t,p) reaction. Comparison of the present results with shell model calculations indicate the effect of the two neutron halo in 11Li. The beta-delayed neutron spectrum of 8He was determined in order to remove contributions from beam contamination."
}

@article{AOI1997,
journal = "Nuclear Physics A",
volume = "616",
number = "1",
pages = "181 - 188",
year = "1997",
note = "Radioactive Nuclear Beams",
issn = "0375-9474",
doi = "https://doi.org/10.1016/S0375-9474(97)00087-0",
url = "http://www.sciencedirect.com/science/article/pii/S0375947497000870",
author = "N. Aoi and K. Yoneda and H. Miyatake and H. Ogawa and Y. Yamamoto and E. Ideguchi and T. Kishida and T. Nakamura and M. Notani and H. Sakurai and T. Teranishi and H. Wu and S.S. Yamamoto and Y. Watanabe and A. Yoshida and M. Ishihara",
}

@article{Fortune2012,
  title = {Comment on ``Neutron knockout of ${}^{12}$Be populating neutron-unbound states in ${}^{11}$Be''},
  author = {Fortune, H. T.},
  journal = {Phys. Rev. C},
  volume = {86},
  issue = {1},
  pages = {019801},
  numpages = {2},
  year = {2012},
  month = {Jul},
  publisher = {American Physical Society},
  doi = {10.1103/PhysRevC.86.019801},
  url = {https://link.aps.org/doi/10.1103/PhysRevC.86.019801}
}

@article{Peters,
  title = {Neutron knockout of $^{12}\mathrm{Be}$ populating neutron-unbound states in $^{11}\mathrm{Be}$},
  author = {Peters, W. A. and Baumann, T. and Brown, B. A. and Brown, J. and DeYoung, P. A. and Finck, J. E. and Frank, N. and Jones, K. L. and Lecouey, J.-L. and Luther, B. and Peaslee, G. F. and Rogers, W. F. and Schiller, A. and Thoennessen, M. and Tostevin, J. A. and Yoneda, K.},
  journal = {Phys. Rev. C},
  volume = {83},
  issue = {5},
  pages = {057304},
  numpages = {4},
  year = {2011},
  month = {May},
  publisher = {American Physical Society},
  doi = {10.1103/PhysRevC.83.057304},
  url = {https://link.aps.org/doi/10.1103/PhysRevC.83.057304}
}

@article{Pain,
  title = {Structure of $^{12}\mathrm{Be}$: Intruder $d$-Wave Strength at $N=8$},
  author = {Pain, S. D. and Catford, W. N. and Orr, N. A. and Ang\'elique, J. C. and Ashwood, N. I. and Bouchat, V. and Clarke, N. M. and Curtis, N. and Freer, M. and Fulton, B. R. and Hanappe, F. and Labiche, M. and Lecouey, J. L. and Lemmon, R. C. and Mahboub, D. and Ninane, A. and Normand, G. and Soi\ifmmode \acute{c}\else \'{c}\fi{}, N. and Stuttge, L. and Timis, C. N. and Tostevin, J. A. and Winfield, J. S. and Ziman, V.},
  journal = {Phys. Rev. Lett.},
  volume = {96},
  issue = {3},
  pages = {032502},
  numpages = {4},
  year = {2006},
  month = {Jan},
  publisher = {American Physical Society},
  doi = {10.1103/PhysRevLett.96.032502},
  url = {http://link.aps.org/doi/10.1103/PhysRevLett.96.032502}
}

@ARTICLE{Navin,
  title = {Direct Evidence for the Breakdown of the $\mathit{N}\phantom{\rule{0ex}{0ex}}=\phantom{\rule{0ex}{0ex}}8$ Shell Closure in $^{12}Be$},
  author = {Navin, A. and Anthony, D. W. and Aumann, T. and Baumann, T. and Bazin, D. and Blumenfeld, Y. and Brown, B. A. and Glasmacher, T. and Hansen, P. G. and Ibbotson, R. W. and Lofy, P. A. and Maddalena, V. and Miller, K. and Nakamura, T. and Pritychenko, B. V. and Sherrill, B. M. and Spears, E. and Steiner, M. and Tostevin, J. A. and Yurkon, J. and Wagner, A.},
  journal = {Phys. Rev. Lett.},
  volume = {85},
  issue = {2},
  pages = {266--269},
  numpages = {0},
  year = {2000},
  month = {Jul},
  publisher = {American Physical Society},
  doi = {10.1103/PhysRevLett.85.266},
  url = {http://link.aps.org/doi/10.1103/PhysRevLett.85.266}
}

@article{Bohlen2008,
	doi = {10.1088/1742-6596/111/1/012021},
	url = {https://doi.org/10.1088/1742-6596/111/1/012021},
	year = 2008,
	month = {may},
	publisher = {{IOP} Publishing},
	volume = {111},
	pages = {012021},
	author = {H G Bohlen and W von Oertzen and R Kalpakchieva and T N Massey and T Dorsch and M Milin and C Schulz and T Kokalova and C Wheldon},
	title = {Band structures in light neutron-rich nuclei},
	journal = {Journal of Physics: Conference Series},
	}

@article{CHEN2018,
title = "A new measurement of the intruder configuration in 12Be",
journal = "Phys. Lett. B",
volume = "781",
pages = "412 - 416",
year = "2018",
issn = "0370-2693",
doi = "https://doi.org/10.1016/j.physletb.2018.04.016",
url = "http://www.sciencedirect.com/science/article/pii/S0370269318303009",
author = "J. Chen and J.L. Lou and Y.L. Ye and Z.H. Li and D.Y. Pang and C.X. Yuan and Y.C. Ge and Q.T. Li and H. Hua and D.X. Jiang and X.F. Yang and F.R. Xu and J.C. Pei and J. Li and W. Jiang and Y.L. Sun and H.L. Zang and Y. Zhang and N. Aoi and E. Ideguchi and H.J. Ong and J. Lee and J. Wu and H.N. Liu and C. Wen and Y. Ayyad and K. Hatanaka and D.T. Tran and T. Yamamoto and M. Tanaka and T. Suzuki",
keywords = "Transfer reaction, Be, Intruder configuration"
}

@article{BOHLEN2003,
title = "Structure studies of neutron-rich beryllium and carbon isotopes",
journal = "Nuclear Physics A",
volume = "722",
pages = "C3 - C9",
year = "2003",
issn = "0375-9474",
doi = "https://doi.org/10.1016/S0375-9474(03)01327-7",
url = "http://www.sciencedirect.com/science/article/pii/S0375947403013277",
author = "H.G. Bohlen and R. Kalpakchieva and W. von Oertzen and T.N. Massey and B. Gebauer and S.M. Grimes and T. Kokalova and H. Lenske and A. Lenz and M. Milin and Ch. Schulz and S. Thummerer and S. Torilov and A. Tumino",
}

@article{TILLEY2004,
title = "Energy levels of light nuclei A=8,9,10",
journal = "Nuclear Physics A",
volume = "745",
number = "3",
pages = "155 - 362",
year = "2004",
issn = "0375-9474",
doi = "https://doi.org/10.1016/j.nuclphysa.2004.09.059",
url = "http://www.sciencedirect.com/science/article/pii/S0375947404010267",
author = "D.R. Tilley and J.H. Kelley and J.L. Godwin and D.J. Millener and J.E. Purcell and C.G. Sheu and H.R. Weller",
abstract = "A review of the evidence on the properties of the nuclei A=8, 9 and 10, with emphasis on material leading to information about the structure of the A=8,9,10 systems."
}

@article{KELLEY2012,
title = "Energy levels of light nuclei A=11",
journal = "Nuclear Physics A",
volume = "880",
pages = "88 - 195",
year = "2012",
issn = "0375-9474",
doi = "https://doi.org/10.1016/j.nuclphysa.2012.01.010",
url = "http://www.sciencedirect.com/science/article/pii/S0375947412000413",
author = "J.H. Kelley and E. Kwan and J.E. Purcell and C.G. Sheu and H.R. Weller",
keywords = ", compiled, evaluated levels, Comparison with older evaluations",
abstract = "A review of evidence on the properties of the A=11 nuclei, with emphasis on material leading to information about the structure of the A=11 systems."
}

@article{Macchiavelli,
  title = {Analysis of spectroscopic factors in $^{11}\mathrm{Be}$ and $^{12}\mathrm{Be}$ in the Nilsson strong-coupling limit},
  author = {Macchiavelli, A. O. and Crawford, H. L. and Campbell, C. M. and Clark, R. M. and Cromaz, M. and Fallon, P. and Jones, M. D. and Lee, I. Y. and Salathe, M.},
  journal = {Phys. Rev. C},
  volume = {97},
  issue = {1},
  pages = {011302},
  numpages = {4},
  year = {2018},
  month = {Jan},
  publisher = {American Physical Society},
  doi = {10.1103/PhysRevC.97.011302},
  url = {https://link.aps.org/doi/10.1103/PhysRevC.97.011302}
}

@article{Pang,
  title = {Global optical model potential for $A=3$ projectiles},
  author = {Pang, D. Y. and Roussel-Chomaz, P. and Savajols, H. and Varner, R. L. and Wolski, R.},
  journal = {Phys. Rev. C},
  volume = {79},
  issue = {2},
  pages = {024615},
  numpages = {21},
  year = {2009},
  month = {Feb},
  publisher = {American Physical Society},
  doi = {10.1103/PhysRevC.79.024615},
  url = {https://link.aps.org/doi/10.1103/PhysRevC.79.024615}
}

@article{Liang2009,
	doi = {10.1088/0954-3899/36/8/085104},
	url = {https://doi.org/10.1088%2F0954-3899%2F36%2F8%2F085104},
	year = 2009,
	month = {jul},
	publisher = {{IOP} Publishing},
	volume = {36},
	number = {8},
	pages = {085104},
	author = {Chun-Tian Liang and Xiao-Hua Li and Chong-Hai Cai},
	title = {Global3He optical model potential below 270 {MeV}},
	journal = {Journal of Physics G: Nuclear and Particle Physics},
}

@article{Yang,
  title = {Observation of Enhanced Monopole Strength and Clustering in $^{12}\mathrm{Be}$},
  author = {Yang, Z. H. and Ye, Y. L. and Li, Z. H. and Lou, J. L. and Wang, J. S. and Jiang, D. X. and Ge, Y. C. and Li, Q. T. and Hua, H. and Li, X. Q. and Xu, F. R. and Pei, J. C. and Qiao, R. and You, H. B. and Wang, H. and Tian, Z. Y. and Li, K. A. and Sun, Y. L. and Liu, H. N. and Chen, J. and Wu, J. and Li, J. and Jiang, W. and Wen, C. and Yang, B. and Yang, Y. Y. and Ma, P. and Ma, J. B. and Jin, S. L. and Han, J. L. and Lee, J.},
  journal = {Phys. Rev. Lett.},
  volume = {112},
  issue = {16},
  pages = {162501},
  numpages = {5},
  year = {2014},
  month = {Apr},
  publisher = {American Physical Society},
  doi = {10.1103/PhysRevLett.112.162501},
  url = {https://link.aps.org/doi/10.1103/PhysRevLett.112.162501}
}

@article{Mairle,
title = "The decrease of ground-state correlations from 12C to 14C",
journal = "Nuclear Physics A",
volume = "253",
number = "2",
pages = "253 - 262",
year = "1975",
issn = "0375-9474",
doi = "https://doi.org/10.1016/0375-9474(75)90480-7",
url = "http://www.sciencedirect.com/science/article/pii/0375947475904807",
author = "G. Mairle and G.J. Wagner",
keywords = "Nuclear reactions",
}

@article{Lind,
title = "Isospin mixing in 12C",
journal = "Nuclear Physics A",
volume = "276",
number = "1",
pages = "25 - 60",
year = "1977",
issn = "0375-9474",
doi = "https://doi.org/10.1016/0375-9474(77)90157-9",
url = "http://www.sciencedirect.com/science/article/pii/0375947477901579",
author = "J.M. Lind and G.T. Garvey and R.E. Tribble",
}

@article{LeeHY,
  title = {Experimental study of the $^{11,12}\mathrm{B}$($n,\ensuremath{\gamma}$) reactions and their influence on $r$-process nucleosynthesis of light elements},
  author = {Lee, H. Y. and Greene, J. P. and Jiang, C. L. and Pardo, R. C. and Rehm, K. E. and Schiffer, J. P. and Wuosmaa, A. H. and Goodman, N. J. and Lighthall, J. C. and Marley, S. T. and Otsuki, K. and Patel, N. and Beard, M. and Notani, M. and Tang, X. D.},
  journal = {Phys. Rev. C},
  volume = {81},
  issue = {1},
  pages = {015802},
  numpages = {8},
  year = {2010},
  month = {Jan},
  publisher = {American Physical Society},
  doi = {10.1103/PhysRevC.81.015802},
  url = {https://link.aps.org/doi/10.1103/PhysRevC.81.015802}
}

@article{Scott,
journal = "Nuclear Physics A",
volume = "141",
number = "3",
pages = "497 - 531",
year = "1970",
issn = "0375-9474",
doi = "https://doi.org/10.1016/0375-9474(70)90984-X",
url = "http://www.sciencedirect.com/science/article/pii/037594747090984X",
author = "D.K. Scott and P.M. Portner and J.M. Nelson and A.C. Shotter and A.J. Mitchell and N.S. Chant and D.G. Montague and K. Ramavataram",
}

@article{Santiago,
  title = {Probing the Single-Particle Character of Rotational States in $^{19}\mathrm{F}$ Using a Short-Lived Isomeric Beam},
  author = {Santiago-Gonzalez, D. and Auranen, K. and Avila, M. L. and Ayangeakaa, A. D. and Back, B. B. and Bottoni, S. and Carpenter, M. P. and Chen, J. and Deibel, C. M. and Hood, A. A. and Hoffman, C. R. and Janssens, R. V. F. and Jiang, C. L. and Kay, B. P. and Kuvin, S. A. and Lauer, A. and Schiffer, J. P. and Sethi, J. and Talwar, R. and Wiedenh\"over, I. and Winkelbauer, J. and Zhu, S.},
  journal = {Phys. Rev. Lett.},
  volume = {120},
  issue = {12},
  pages = {122503},
  numpages = {5},
  year = {2018},
  month = {Mar},
  publisher = {American Physical Society},
  doi = {10.1103/PhysRevLett.120.122503},
  url = {https://link.aps.org/doi/10.1103/PhysRevLett.120.122503}
}

@article{Wang_2017,
	doi = {10.1088/1674-1137/41/3/030003},
	url = {https://doi.org/10.1088%2F1674-1137%2F41%2F3%2F030003},
	year = 2017,
	month = {mar},
	publisher = {{IOP} Publishing},
	volume = {41},
	number = {3},
	pages = {030003},
	author = {Meng Wang and G. Audi and F. G. Kondev and W.J. Huang and S. Naimi and Xing Xu},
	title = {The {AME}2016 atomic mass evaluation ({II}). Tables, graphs and references},
	journal = {Chinese Physics C},
}

@article{Skaza,
  title = {Experimental evidence for subshell closure in $^{8}\mathrm{He}$ and indication of a resonant state in $^{7}\mathrm{He}$ below 1 MeV},
  author = {Skaza, F. and Lapoux, V. and Keeley, N. and Alamanos, N. and Pollacco, E. C. and Auger, F. and Drouart, A. and Gillibert, A. and Beaumel, D. and Becheva, E. and Blumenfeld, Y. and Delaunay, F. and Giot, L. and Kemper, K. W. and Nalpas, L. and Obertelli, A. and Pakou, A. and Raabe, R. and Roussel-Chomaz, P. and Sida, J.-L. and Scarpaci, J.-A. and Stepantsov, S. and Wolski, R.},
  journal = {Phys. Rev. C},
  volume = {73},
  issue = {4},
  pages = {044301},
  numpages = {6},
  year = {2006},
  month = {Apr},
  publisher = {American Physical Society},
  doi = {10.1103/PhysRevC.73.044301},
  url = {https://link.aps.org/doi/10.1103/PhysRevC.73.044301}
}

@article{ANGELI,
title = "Table of experimental nuclear ground state charge radii: An update",
journal = "Atomic Data and Nuclear Data Tables",
volume = "99",
number = "1",
pages = "69 - 95",
year = "2013",
issn = "0092-640X",
doi = "https://doi.org/10.1016/j.adt.2011.12.006",
url = "http://www.sciencedirect.com/science/article/pii/S0092640X12000265",
author = "I. Angeli and K.P. Marinova",
keywords = "Nuclear charge radii, Radii changes, Optical isotope shifts,  X-ray isotope shifts, Electron scattering, Muonic atom spectra",
}

@article{Tran2018,
title = "Evidence for prevalent Z = 6 magic number in neutron-rich carbon isotopes",
journal = "Nature Communications",
volume = "9",
number = "1594",
pages = "1",
year = "2018",
issn = "2041-1723",
doi = "https://doi.org/10.1038/s41467-018-04024-y",
author = "D.T. Tran and H.J. Ong and et al.",
}

@article{Fortune037302,
  title = {Properties of 3.89/3.96-MeV states in ${}^{11}$Be},
  author = {Fortune, H. T.},
  journal = {Phys. Rev. C},
  volume = {86},
  issue = {3},
  pages = {037302},
  numpages = {3},
  year = {2012},
  month = {Sep},
  publisher = {American Physical Society},
  doi = {10.1103/PhysRevC.86.037302},
  url = {https://link.aps.org/doi/10.1103/PhysRevC.86.037302}
}

@article{Bohr,
author = {A. Bohr and B. R. Mottelson },
booktitle = { R 1998 Nulear Struture, vol. II, p. 33, World Sientific, Singapore}
}
